@article{chen2018jet,
  title     = {Jet electrochemical machining of micro dimples with conductive mask},
  author    = {Zhang, San and Li, Si and Wang, Wu and Zhao, Liu},
  journal   = {Journal of Materials Processing Technology},
  volume    = {257},
  pages     = {101--111},
  year      = {2018},
  publisher = {Elsevier},
  doi       = {10.1016/j.jmatprotec.2018.02.035},
}

@article{chen2019electrochemical,
  title     = {Electrochemical direct-writing machining of micro-channel array},
  author    = {Zhang, San and Li, Si and Wang, Wu and Zhao, Liu},
  journal   = {Journal of Materials Processing Technology},
  volume    = {265},
  pages     = {138--149},
  year      = {2019},
  publisher = {Elsevier},
  doi       = {10.1016/j.jmatprotec.2018.10.014}
}